@misc{EngToolboxRollingResistance,
    author = {The Engineering ToolBox},
    title = {Rolling Resistance},
    year = {2008},
    howpublished = {[online] Available at: https://www.engineeringtoolbox.com/rolling-friction-resistance-d\_1303.html}
}

@misc{EVOptimisationRepo,
    author = {Cameron858},
    title = {{EV-Optimisation}: A Python-based tool for optimising electric vehicles' range and acceleration},
    howpublished = {https://github.com/Cameron858/EV-Optimisation},
    year = {2025}
}